<?xml version="1.0" encoding="UTF-8"?><record xmlns="http://www.loc.gov/MARC21/slim" xmlns:cinclude="http://apache.org/cocoon/include/1.0" xmlns:zs="http://www.loc.gov/zing/srw/">
  <leader>01049cz  a2200169n  4500</leader>
  <controlfield tag="001">no2013050644</controlfield>
  <controlfield tag="003">DLC</controlfield>
  <controlfield tag="005">20140726074009.0</controlfield>
  <controlfield tag="008">130509n| azannaabn          sa ana      </controlfield>
  <datafield tag="010" ind1=" " ind2=" ">
    <subfield code="a">no2013050644</subfield>
  </datafield>
  <datafield tag="035" ind1=" " ind2=" ">
    <subfield code="a">(OCoLC)oca09469663</subfield>
  </datafield>
  <datafield tag="040" ind1=" " ind2=" ">
    <subfield code="a">DLC-S</subfield>
    <subfield code="b">eng</subfield>
    <subfield code="e">rda</subfield>
    <subfield code="c">DLC-S</subfield>
    <subfield code="d">O</subfield>
  </datafield>
  <datafield tag="110" ind1="1" ind2=" ">
    <subfield code="a">Ohio.</subfield>
    <subfield code="b">Department of Mental Health.</subfield>
    <subfield code="b">Office of Research &amp; Evaluation</subfield>
  </datafield>
  <datafield tag="410" ind1="2" ind2=" ">
    <subfield code="a">Ohio.</subfield>
    <subfield code="b">Department of Mental Health.</subfield>
    <subfield code="b">Office of Research and Evaluation</subfield>
  </datafield>
  <datafield tag="510" ind1="1" ind2=" ">
    <subfield code="w">b</subfield>
    <subfield code="a">Ohio.</subfield>
    <subfield code="b">Department of Mental Health and Addiction Services.</subfield>
    <subfield code="b">Office of Quality, Planning and Research</subfield>
  </datafield>
  <datafield tag="670" ind1=" " ind2=" ">
    <subfield code="a">Behavioral health in Ohio : current research trends, June 2012 (Ohio Department of Mental Health website, viewed May 09, 2013) :</subfield>
    <subfield code="b">PDF cover (Ohio Department of Mental Health, Office of Research &amp; Evaluation)</subfield>
  </datafield>
  <datafield tag="675" ind1=" " ind2=" ">
    <subfield code="a">Behavioral health in Ohio : current research trends, March 2014 (Ohio Department of Mental Health and Addiction Services website, viewed July 10, 2014) : PDF cover (Ohio Department of Mental Health and Addiction Services, Office of Quality, Planning &amp; Research)</subfield>
  </datafield>
</record>